<record><leader>00000cas a22000007a 4500</leader><controlfield tag="001">9628172</controlfield><controlfield tag="008">830621d18701879nyuwr ne      0    0eng d</controlfield><controlfield tag="009">3781</controlfield><datafield ind1=" " ind2=" " tag="010"><subfield code="a">sn 83030674 </subfield></datafield><datafield ind1=" " ind2=" " tag="040"><subfield code="a">NPU</subfield><subfield code="b">eng</subfield><subfield code="c">NPU</subfield><subfield code="d">NPX</subfield><subfield code="d">NYS</subfield><subfield code="d">OCLCQ</subfield></datafield><datafield ind1="1" ind2=" " tag="029"><subfield code="a">AU@</subfield><subfield code="b">000025826557</subfield></datafield><datafield ind1=" " ind2=" " tag="042"><subfield code="a">msc</subfield></datafield><datafield ind1="0" ind2=" " tag="130"><subfield code="a">Amsterdam Democrat (Amsterdam, N.Y. : 1870)</subfield></datafield><datafield ind1="0" ind2="4" tag="245"><subfield code="a">The Amsterdam Democrat.</subfield></datafield><datafield ind1=" " ind2=" " tag="260"><subfield code="a">Amsterdam, N.Y. :</subfield><subfield code="b">Smith &amp; Matthewson</subfield></datafield><datafield ind1=" " ind2=" " tag="300"><subfield code="a">v. ;</subfield><subfield code="c">73 cm.</subfield></datafield><datafield ind1=" " ind2=" " tag="310"><subfield code="a">Weekly</subfield></datafield><datafield ind1="0" ind2=" " tag="362"><subfield code="a">Vol. 1, no. 1 (Oct. 14, 1870)-v. 9, no. 48 (Aug. 26, 1879).</subfield></datafield><datafield ind1=" " ind2=" " tag="500"><subfield code="a">Publishers: Smith &amp; Matthewson, 1870; A. &amp; W.B. Matthewson, 1870-1871; Ashe &amp; Matthewson, 1871-1873; William J. Kline, 1873-1878; Kline &amp; Greene, 1878; William J. Kline, 1879.</subfield></datafield><datafield ind1=" " ind2=" " tag="500"><subfield code="a">Published on Tuesday.</subfield></datafield><datafield ind1=" " ind2=" " tag="500"><subfield code="a">Editors: John E. Ashe, &lt;1871-1873&gt;; William J. Kline, &lt;1873-1876&gt;.</subfield></datafield><datafield ind1=" " ind2="4" tag="651"><subfield code="a">Amsterdam (N.Y.)</subfield><subfield code="v">Newspapers.</subfield></datafield><datafield ind1=" " ind2=" " tag="752"><subfield code="a">United States</subfield><subfield code="b">New York</subfield><subfield code="c">Montgomery</subfield><subfield code="d">Amsterdam.</subfield></datafield><datafield ind1="0" ind2=" " tag="775"><subfield code="t">Amsterdam daily Democrat</subfield><subfield code="w">(DLC)sn 84031054</subfield></datafield><datafield ind1="0" ind2=" " tag="775"><subfield code="t">Amsterdam Friday Democrat</subfield><subfield code="w">(DLC)sn 88074625</subfield></datafield><datafield ind1="0" ind2="7" tag="785"><subfield code="t">Amsterdam Friday Democrat and Broadalbin herald</subfield><subfield code="w">(DLC)sn 87070375</subfield></datafield><datafield ind1="0" ind2="7" tag="785"><subfield code="t">Amsterdam weekly Democrat and Broadalbin herald</subfield><subfield code="w">(DLC)sn 88074626</subfield></datafield></record>